<record><leader>00000cas a2200000 a 4500</leader><controlfield tag="001">11471223</controlfield><controlfield tag="008">841208d19591972hiuwr ne      0    0eng d</controlfield><datafield ind1=" " ind2=" " tag="010"><subfield code="a">sn 84045360 </subfield></datafield><datafield ind1=" " ind2=" " tag="040"><subfield code="a">HUH</subfield><subfield code="b">eng</subfield><subfield code="c">HUH</subfield><subfield code="d">HWN</subfield><subfield code="d">DLC</subfield><subfield code="d">OCL</subfield><subfield code="d">OCLCQ</subfield><subfield code="d">OCLCF</subfield><subfield code="d">OCLCO</subfield></datafield><datafield ind1=" " ind2=" " tag="042"><subfield code="a">msc</subfield></datafield><datafield ind1=" " ind2=" " tag="043"><subfield code="a">n-us-hi</subfield></datafield><datafield ind1=" " ind2=" " tag="090"><subfield code="a">AN2</subfield><subfield code="b">.H353</subfield></datafield><datafield ind1="0" ind2="4" tag="245"><subfield code="a">The Wahiawa press.</subfield></datafield><datafield ind1="1" ind2="3" tag="246"><subfield code="a">Hawaii press.</subfield><subfield code="p">Wahiawa ed.</subfield><subfield code="f">Dec. 7, 1966-Nov. 8, 1967</subfield></datafield><datafield ind1=" " ind2=" " tag="260"><subfield code="a">Honolulu [Hawaii :</subfield><subfield code="b">Hawaii Press Newspapers]</subfield></datafield><datafield ind1=" " ind2=" " tag="300"><subfield code="a">14 v. :</subfield><subfield code="b">ill. ;</subfield><subfield code="c">41-58 cm.</subfield></datafield><datafield ind1=" " ind2=" " tag="310"><subfield code="a">Weekly</subfield></datafield><datafield ind1="0" ind2=" " tag="362"><subfield code="a">-v. 14, no. 1 (Jan. 5, 1972).</subfield></datafield><datafield ind1="1" ind2=" " tag="362"><subfield code="a">Began in 1959.</subfield></datafield><datafield ind1=" " ind2=" " tag="500"><subfield code="a">No more published?</subfield></datafield><datafield ind1=" " ind2=" " tag="500"><subfield code="a">Published as: The Hawaii press. Wahiawa edition, Dec. 7, 1966-Nov. 8, 1967.</subfield></datafield><datafield ind1=" " ind2=" " tag="500"><subfield code="a">Published in 1972 by Community Press Newspapers.</subfield></datafield><datafield ind1=" " ind2=" " tag="515"><subfield code="a">Issues for 1969 repeat v. 9 in numbering; issues for Jan. 1970-Aug. 4, 1971 called v. 11; with Aug. 11, 1971 issue, called v. 13.</subfield></datafield><datafield ind1=" " ind2=" " tag="588"><subfield code="a">Description based on: Vol. 6, no. 49 (Dec. 2. 1964).</subfield></datafield><datafield ind1=" " ind2="0" tag="651"><subfield code="a">Wahiawa (Hawaii)</subfield><subfield code="v">Periodicals.</subfield></datafield><datafield ind1=" " ind2="7" tag="655"><subfield code="a">Periodicals.</subfield><subfield code="2">fast</subfield><subfield code="0">(OCoLC)fst01411641</subfield></datafield><datafield ind1=" " ind2="7" tag="651"><subfield code="a">Hawaii</subfield><subfield code="z">Wahiawa.</subfield><subfield code="2">fast</subfield><subfield code="0">(OCoLC)fst01230456</subfield></datafield><datafield ind1=" " ind2=" " tag="752"><subfield code="a">United States</subfield><subfield code="b">Hawaii</subfield><subfield code="c">Honolulu</subfield><subfield code="d">Honolulu.</subfield></datafield><datafield ind1="0" ind2="7" tag="785"><subfield code="t">Leeward press</subfield><subfield code="w">(DLC)sn 84045359</subfield><subfield code="w">(OCoLC)11471217</subfield></datafield><datafield ind1="0" ind2="7" tag="785"><subfield code="t">Leeward &amp; Wahiawa sun press</subfield><subfield code="w">(DLC)sn 84045361</subfield><subfield code="w">(OCoLC)11471241</subfield></datafield></record>